<record><leader>00000cas a2200000Ia 4500</leader><controlfield tag="001">11149581</controlfield><controlfield tag="008">840913d18901893ksuwr ne      0   a0eng d</controlfield><datafield ind1=" " ind2=" " tag="010"><subfield code="a">sn 84029723 </subfield></datafield><datafield ind1=" " ind2=" " tag="040"><subfield code="a">KSH</subfield><subfield code="b">eng</subfield><subfield code="c">KSH</subfield><subfield code="d">OCLCQ</subfield></datafield><datafield ind1="0" ind2="4" tag="245"><subfield code="a">The Kanopolis Kansan.</subfield></datafield><datafield ind1=" " ind2=" " tag="260"><subfield code="a">Kanopolis, Kan. :</subfield><subfield code="b">[T.K. Griffith]</subfield></datafield><datafield ind1=" " ind2=" " tag="300"><subfield code="a">v. ;</subfield><subfield code="c">59 cm.</subfield></datafield><datafield ind1=" " ind2=" " tag="310"><subfield code="a">Weekly</subfield></datafield><datafield ind1="1" ind2=" " tag="362"><subfield code="a">Began with Feb. 6, 1890 issue; ceased with June 29, 1893 issue?</subfield></datafield><datafield ind1=" " ind2=" " tag="525"><subfield code="a">Supplement issued Aug. 25, 1892.</subfield></datafield><datafield ind1=" " ind2=" " tag="550"><subfield code="a">"Official paper of the F.A. &amp; I.U. of Ellsworth County," Nov. 12, 1891-Feb. 2, 1893.</subfield></datafield><datafield ind1=" " ind2=" " tag="588"><subfield code="a">Description based on: Vol. 1, no. 2 (Feb. 13, 1890).</subfield></datafield><datafield ind1=" " ind2=" " tag="752"><subfield code="a">United States</subfield><subfield code="b">Kansas</subfield><subfield code="c">Ellsworth</subfield><subfield code="d">Kanopolis.</subfield></datafield></record>